<?xml version="1.0" encoding="UTF-8" ?>
<collection xmlns:xsi="http://www.w3.org/2001/XMLSchema-instance"
    xsi:schemaLocation="http://www.loc.gov/MARC21/slim
        http://www.loc.gov/standards/marcxml/schema/MARC21slim.xsd"
    xmlns="http://www.loc.gov/MARC21/slim">
<record>
  <leader>00277cam a2200541 ia4500</leader>
  <controlfield tag="001">b1231299x</controlfield>
  <controlfield tag="003">LeBAU</controlfield>
  <controlfield tag="005">20131101</controlfield>
  <controlfield tag="008">110524m19231925ua a          000 0 ara d</controlfield>
  <datafield tag="035" ind1=" " ind2=" ">
    <subfield code="a">ocn784183098</subfield>
  </datafield>
  <datafield tag="040" ind1=" " ind2=" ">
    <subfield code="a">LEAUB</subfield>
    <subfield code="b">ara</subfield>
    <subfield code="e">rda</subfield>
    <subfield code="c">LEAUB</subfield>
    <subfield code="d">LEAUB</subfield>
  </datafield>
  <datafield tag="082" ind1="0" ind2="4">
    <subfield code="a">039</subfield>
    <subfield code="2">20</subfield>
  </datafield>
  <datafield tag="100" ind1="1" ind2=" ">
    <subfield code="6">880-01</subfield>
    <subfield code="a">Wajdī, Muḥammad Farīd,</subfield>
    <subfield code="d">1875-1954,</subfield>
    <subfield code="e">compiler.</subfield>
  </datafield>
  <datafield tag="245" ind1="1" ind2="0">
    <subfield code="6">880-02</subfield>
    <subfield code="a">Dā’irat ma‘ārif al-qarn al-rābi‘ ashar, al-‘ishrīn /</subfield>
    <subfield code="c">ta’līf Muḥammad Farīd Wajdī.</subfield>
  </datafield>
  <datafield tag="246" ind1="3" ind2="0">
    <subfield code="6">880-03</subfield>
    <subfield code="a">Dā’irat ma‘ārif al-qarn al-‘ishrīn </subfield>
  </datafield>
  <datafield tag="250" ind1=" " ind2=" ">
    <subfield code="6">880-04</subfield>
    <subfield code="a">al-Ṭab‘ah al-thānīyah.</subfield>
  </datafield>
  <datafield tag="264" ind1=" " ind2="1">
    <subfield code="6">880-05</subfield>
    <subfield code="a">[Miṣr] :</subfield>
    <subfield code="b">Maṭba‘at Dā’irat Ma‘ārif al-Qarn al-‘Ishrīn,</subfield>
    <subfield code="c">1342-1343 H. = 1923-1925 M.</subfield>
  </datafield>
  <datafield tag="300" ind1=" " ind2=" ">
    <subfield code="6">880-06</subfield>
    <subfield code="a">10 volumes :</subfield>
    <subfield code="b">illustrations ;</subfield>
    <subfield code="c">23 cm</subfield>
  </datafield>
  <datafield tag="336" ind1=" " ind2=" ">
    <subfield code="a">text</subfield>
    <subfield code="b">txt</subfield>
    <subfield code="2">rdacontent</subfield>
  </datafield>
  <datafield tag="336" ind1=" " ind2=" ">
    <subfield code="a">still image</subfield>
    <subfield code="b">sti</subfield>
    <subfield code="2">rdacontent</subfield>
  </datafield>
  <datafield tag="337" ind1=" " ind2=" ">
    <subfield code="a">unmediated</subfield>
    <subfield code="b">n</subfield>
    <subfield code="2">rdamedia</subfield>
  </datafield>
  <datafield tag="338" ind1=" " ind2=" ">
    <subfield code="a">volume</subfield>
    <subfield code="b">nc</subfield>
    <subfield code="2">rdacarrier</subfield>
  </datafield>
  <datafield tag="500" ind1=" " ind2=" ">
    <subfield code="a">"فهرس عام مطول للغة العربية والعلوم النقلية والعقلية والكونية بجميع أصولها وفروعها، ففيه النحو والصرف والبلاغة والمسائل الدينية وتاريخ الفرق والمذاهب والتفسير والحديث والأصول والتاريخ العام والخاص وتراجم مشهوري الشرق والغرب والجغرافية الطبيعية والسياسية والكيمياء والفلك والفلسفة والعلوم الإجتماعية والإقتصادية والروحية والطب والعلاج وقانون الصحة والفوائد المنزلية وخواص العقاقير والأقرباذين والإحصاءات وسائر ما يهم الإنسان في جميع المطالب."</subfield>
  </datafield>
  <datafield tag="500" ind1=" " ind2=" ">
    <subfield code="a">"حاز هذا الكتاب رضا وزارة المعارف العمومية والجامعة الأزهرية ومجالس الديريات فقررته لجميع معاهدها الدراسية."</subfield>
  </datafield>
  <datafield tag="650" ind1=" " ind2="4">
    <subfield code="a">اللغة العربية</subfield>
    <subfield code="v">قواميس.</subfield>
  </datafield>
  <datafield tag="650" ind1=" " ind2="4">
    <subfield code="a">الموسوعات والقواميس العربية.</subfield>
  </datafield>
  <datafield tag="650" ind1=" " ind2="0">
    <subfield code="a">Arabic language</subfield>
    <subfield code="v">Dictionaries.</subfield>
  </datafield>
  <datafield tag="650" ind1=" " ind2="0">
    <subfield code="a">Encyclopedias and dictionaries, Arabic.</subfield>
  </datafield>
  <datafield tag="852" ind1=" " ind2=" ">
    <subfield code="a">Jafet Archives and Special Collections</subfield>
    <subfield code="e">American University of Beirut, Bliss Street, Beirut, ‎Lebanon.‎</subfield>
  </datafield>
  <datafield tag="880" ind1="1" ind2=" ">
    <subfield code="6">100-01/(3/r</subfield>
    <subfield code="a">وجدي، محمد فريد،</subfield>
    <subfield code="d">1875-1954،</subfield>
    <subfield code="e">معد. </subfield>
    <subfield code="4">com.</subfield>
  </datafield>
  <datafield tag="880" ind1="1" ind2="0">
    <subfield code="6">245-02/(3/r</subfield>
    <subfield code="a">دائرة معارف القرن الرابع عشر، العشرين /</subfield>
    <subfield code="c">تأليف محمد فريد وجدي.</subfield>
  </datafield>
  <datafield tag="880" ind1="3" ind2="0">
    <subfield code="6">246-03/(3/r</subfield>
    <subfield code="a">دائرة معارف القرن العشرين</subfield>
  </datafield>
  <datafield tag="880" ind1=" " ind2=" ">
    <subfield code="6">250-04/(3/r</subfield>
    <subfield code="a">الطبعة الثانية.</subfield>
  </datafield>
  <datafield tag="880" ind1=" " ind2="1">
    <subfield code="6">264-05/(3/r</subfield>
    <subfield code="a">[مصر] :</subfield>
    <subfield code="b">مطبعة دائرة معارف القرن العشرين،</subfield>
    <subfield code="c">1342-1343 هـ. = 1923-1925 م.</subfield>
  </datafield>
  <datafield tag="880" ind1=" " ind2=" ">
    <subfield code="6">300-06/(3/r</subfield>
    <subfield code="a">10 مجلدات :</subfield>
    <subfield code="b">مصورات ؛</subfield>
    <subfield code="c">23 سم</subfield>
  </datafield>
  <datafield tag="907" ind1=" " ind2=" ">
    <subfield code="a">.b1231299x</subfield>
    <subfield code="b">16-04-08</subfield>
    <subfield code="c">11-05-24</subfield>
  </datafield>
  <datafield tag="907" ind1=" " ind2=" ">
    <subfield code="a">.b1231299x</subfield>
    <subfield code="b">11-10-11</subfield>
    <subfield code="c">11-05-24</subfield>
  </datafield>
  <datafield tag="945" ind1=" " ind2=" ">
    <subfield code="f">CA</subfield>
    <subfield code="a">039:W14dA:v.1:c.1</subfield>
    <subfield code="g">1</subfield>
    <subfield code="i">01000734</subfield>
    <subfield code="j">.i12740640</subfield>
    <subfield code="l">u0304</subfield>
  </datafield>
  <datafield tag="945" ind1=" " ind2=" ">
    <subfield code="f">CA</subfield>
    <subfield code="a">039:W14dA:v.2:c.1</subfield>
    <subfield code="g">1</subfield>
    <subfield code="i">01000735</subfield>
    <subfield code="j">.i12740652</subfield>
    <subfield code="l">u0304</subfield>
  </datafield>
  <datafield tag="945" ind1=" " ind2=" ">
    <subfield code="f">CA</subfield>
    <subfield code="a">039:W14dA:v.3:c.1</subfield>
    <subfield code="g">1</subfield>
    <subfield code="i">01000736</subfield>
    <subfield code="j">.i12740664</subfield>
    <subfield code="l">u0304</subfield>
  </datafield>
  <datafield tag="945" ind1=" " ind2=" ">
    <subfield code="f">CA</subfield>
    <subfield code="a">039:W14dA:v.4:c.1</subfield>
    <subfield code="g">1</subfield>
    <subfield code="i">01000737</subfield>
    <subfield code="j">.i12740676</subfield>
    <subfield code="l">u0304</subfield>
  </datafield>
  <datafield tag="945" ind1=" " ind2=" ">
    <subfield code="f">CA</subfield>
    <subfield code="a">039:W14dA:v.5:c.1</subfield>
    <subfield code="g">1</subfield>
    <subfield code="i">01000738</subfield>
    <subfield code="j">.i12740688</subfield>
    <subfield code="l">u0304</subfield>
  </datafield>
  <datafield tag="945" ind1=" " ind2=" ">
    <subfield code="f">CA</subfield>
    <subfield code="a">039:W14dA:v.6:c.1</subfield>
    <subfield code="g">1</subfield>
    <subfield code="i">01000739</subfield>
    <subfield code="j">.i1274069x</subfield>
    <subfield code="l">u0304</subfield>
  </datafield>
  <datafield tag="945" ind1=" " ind2=" ">
    <subfield code="f">CA</subfield>
    <subfield code="a">039:W14dA:v.7:c.1</subfield>
    <subfield code="g">1</subfield>
    <subfield code="i">01000740</subfield>
    <subfield code="j">.i12740706</subfield>
    <subfield code="l">u0304</subfield>
  </datafield>
  <datafield tag="945" ind1=" " ind2=" ">
    <subfield code="f">CA</subfield>
    <subfield code="a">039:W14dA:v.8:c.1</subfield>
    <subfield code="g">1</subfield>
    <subfield code="i">01000741</subfield>
    <subfield code="j">.i12740718</subfield>
    <subfield code="l">u0304</subfield>
  </datafield>
  <datafield tag="945" ind1=" " ind2=" ">
    <subfield code="f">CA</subfield>
    <subfield code="a">039:W14dA:v.9:c.1</subfield>
    <subfield code="g">1</subfield>
    <subfield code="i">01000742</subfield>
    <subfield code="j">.i1274072x</subfield>
    <subfield code="l">u0304</subfield>
  </datafield>
  <datafield tag="945" ind1=" " ind2=" ">
    <subfield code="f">CA</subfield>
    <subfield code="a">039:W14dA:v.10:c.1</subfield>
    <subfield code="g">1</subfield>
    <subfield code="i">01000743</subfield>
    <subfield code="j">.i12740731</subfield>
    <subfield code="l">u0304</subfield>
  </datafield>
  <datafield tag="998" ind1=" " ind2=" ">
    <subfield code="a">u03</subfield>
    <subfield code="b">97-01-12</subfield>
    <subfield code="c">m</subfield>
    <subfield code="d">a</subfield>
    <subfield code="e">-</subfield>
    <subfield code="f">ara</subfield>
    <subfield code="g">ua </subfield>
    <subfield code="h">0</subfield>
    <subfield code="i">10</subfield>
  </datafield>
</record>
</collection>
